
@article{r1,
  title = {The status of Nepal's mammals},
  author = {Amin, Rajan and Baral, Hem Sagar and Lamichhane, Babu Ram and
            Poudyal, Laxman Prasad and Lee, Samantha and Jnawali, Shant Raj and
            Acharya, Krishna Prasad and Upadhyaya, Gopal Prasad and Pandey, Megh
            Bahadur and Shrestha, Rinjan and others},
  journal = {Journal of Threatened Taxa},
  volume = {10},
  number = {3},
  pages = {11361--11378},
  year = {2018},
}
@article{r2,
  title = {An updated checklist of amphibians and reptiles of Nepal},
  author = {Rai, Tapil Prakash and Adhikari, Sabin and Ant{\'o}n, Pablo Garcia},
  journal = {ARCO-Nepal Newsletter},
  volume = {23},
  pages = {1--23},
  year = {2022},
}
@article{r3,
  title = {Status and conservation of birds in Nepal},
  author = {Baral, Hem Sagar and Regmi, Uba Raj and Poudyal, Laxman Prasad and
            Acharya, Raju},
  journal = {Biodiversity Conservation in Nepal: A Success Story. Department of
             National Parks and Wildlife Conservation, Kathmandu},
  pages = {71--100},
  year = {2012},
}
@article{r4,
  title = {Automatically identifying, counting, and describing wild animals in
           camera-trap images with deep learning},
  author = {Norouzzadeh, Mohammad Sadegh and Nguyen, Anh and Kosmala, Margaret
            and Swanson, Alexandra and Palmer, Meredith S and Packer, Craig and
            Clune, Jeff},
  journal = {Proceedings of the National Academy of Sciences},
  volume = {115},
  number = {25},
  pages = {E5716--E5725},
  year = {2018},
  publisher = {National Acad Sciences},
}
@article{r5,
  title = {Audio Classifier for Automatic Identification of Endangered Bird
           Species of Nepal},
  author = {Gautam, Rewan and Khatiwada, Bhuwan and Subedi, Bishwa Prakash and
            Duwal, Niraj and Dahal, Kiran Chandra},
  year = {2023},
}
@inproceedings{r6,
  title = {Deep Learning Based Image Recognition In Animal Husbandry},
  author = {Qi, Yan and Baiyang, Cheng and Lan, Luo},
  booktitle = {2021 18th International Computer Conference on Wavelet Active
               Media Technology and Information Processing (ICCWAMTIP)},
  pages = {318--321},
  year = {2021},
  organization = {IEEE},
}
@article{r7,
  title = {EfficientNet},
  author = {Koonce, Brett and Koonce, Brett},
  journal = {Convolutional neural networks with swift for Tensorflow: image
             recognition and dataset categorization},
  pages = {109--123},
  year = {2021},
  publisher = {Springer},
}
@book{r8,
  title = {Deep Learning},
  author = {Ian Goodfellow and Yoshua Bengio and Aaron Courville},
  publisher = {MIT Press},
  note = {\url{http://www.deeplearningbook.org}},
  year = {2016},
}

